@article{nasrollahi2014super,
  title={Super-resolution: a comprehensive survey},
  author={Nasrollahi, Kamal and Moeslund, Thomas B},
  journal={Machine vision and applications},
  volume={25},
  number={6},
  pages={1423--1468},
  year={2014},
  publisher={Springer}
}

@article{park2003super,
  title={Super-resolution image reconstruction: a technical overview},
  author={Park, Sung Cheol and Park, Min Kyu and Kang, Moon Gi},
  journal={IEEE signal processing magazine},
  volume={20},
  number={3},
  pages={21--36},
  year={2003},
  publisher={IEEE}
}

@article{yue2016image,
  title={Image super-resolution: The techniques, applications, and future},
  author={Yue, Linwei and Shen, Huanfeng and Li, Jie and Yuan, Qiangqiang and Zhang, Hongyan and Zhang, Liangpei},
  journal={Signal Processing},
  volume={128},
  pages={389--408},
  year={2016},
  publisher={Elsevier}
}

@inproceedings{irani1990super,
  title={Super resolution from image sequences},
  author={Irani, Michal and Peleg, Shmuel},
  booktitle={Pattern Recognition, 1990. Proceedings., 10th International Conference on},
  volume={2},
  pages={115--120},
  year={1990},
  organization={IEEE}
}
